@Book{knuth:84,
  author = 	 {Donald E. Knuth},
  title = 	 {The {\TeX} Book},
  publisher = 	 {Addison-Wesley},
  year = 	 {1984},
  edition = 	 {15th}
}

@InCollection{boulic:91,
  author = 	 {R. Boulic and O. Renault},
  title = 	 {3D Hierarchies for Animation},
  booktitle = 	 {New Trends in Animation and Visualization},
  publisher =    {John Wiley {\&} Sons ltd.},
  year = 	 {1991},
  editor = 	 {Nadia Magnenat-Thalmann and Daniel Thalmann}
}

@InCollection{smith:99,
  author = 	 {A. Smith and B. Jones},
  title = 	 {On the Complexity of Computing},
  booktitle = 	 {Advances in Computer Science},
  pages = 	 {555--566},
  publisher =    {Publishing Press},
  year = 	 {1999},
  editor = 	 {A. B. Smith-Jones}
}

@ARTICLE {pollyMPC,
    author  = "Pollyana Notargiacomo",
    title   = "Uso de gamificação no ensino superior: uma proposta para o curso de metodologia científica do curso de ciência da computação",
    journal = "Serious Games",
    year    = "2022",
    volume  = "23",
    number  = "5",
    pages   = "56-78",
    month   = "oct"
}

@BOOK {polly23,
    author    = "Pollyana Notargiacomo",
    title     = "Recursos educacionais para metodologia científica: serious game para a elaboração de projetos científicos",
    publisher = "GameFFY",
    year      = "2023",
    address   = "São Paulo",
    edition   = "first"
}